
@article{cardoso_antimicrobial_2010,
	title = {Antimicrobial activity of propolis extract against {Staphylococcus} coagulase positive and {Malassezia} pachydermatis of canine otitis},
	volume = {142},
	doi = {10.1016/j.vetmic.2009.09.070},
	number = {3-4},
	journal = {Veterinary Microbiology},
	author = {Cardoso, Rosemari Laura and Maboni, Franciele and {\textbf{Machado, Gustavo}} and Alves, Sydney Hartz and de Vargas, Agueda Castagna},
	year = {2010},
	pages = {432--434},
}

@article{gressler_susceptibility_2012,
	title = {Susceptibility of {Trypanosoma} evansi to propolis extract in vitro and in experimentally infected rats},
	volume = {93},
	doi = {10.1016/j.rvsc.2012.02.007},
	number = {3},
	journal = {Research in veterinary science},
	author = {Gressler, Lucas T and Da Silva, Aleksandro S and {\textbf{Machado, Gustavo}} and Dalla Rosa, Luciana and Dorneles, Fellipe and Gressler, Letícia T and Oliveira, Mauricio S and Zanette, Régis A and de Vargas, Agueda CP and Monteiro, Silvia G},
	year = {2012},
	pages = {1314--1317},
}

@article{herrmann_soroprevalencia_2012,
	title = {Soroprevalência de leptospirose em bovinos nas mesorregiões sudeste e sudoeste do estado {Rio} {Grande} do {Sul}, {Brasil}},
	volume = {13},
	number = {1},
	journal = {Ciência Animal Brasileira},
	author = {Herrmann, Geder Paulo and Rodrigues, Rogério Oliveira and {\textbf{Machado, Gustavo}} and Moreira, Elvio Carlos and Lage, Andrey and Leite, Rômulo Cerqueira},
	year = {2012},
	pages = {131--138},
}

@article{marks_targeted_2014,
	title = {Targeted survey of {Newcastle} disease virus in backyard poultry flocks located in wintering site for migratory birds from {Southern} {Brazil}},
	volume = {116},
	doi = {10.1016/j.prevetmed.2014.06.001},
	number = {1-2},
	journal = {Preventive veterinary medicine},
	author = {Marks, Fernanda S and Rodenbusch, Carla R and Okino, Cíntia H and Hein, Héber E and Costa, Eduardo F and {\textbf{Machado, Gustavo}} and Canal, Cláudio W and Brentano, Liana and Corbellini, Luís G},
	year = {2014},
	pages = {197--202},
}

@article{bianchi_effect_2014,
	title = {Effect of adding palm oil to the diet of dairy sheep on milk production and composition, function of liver and kidney, and the concentration of cholesterol, triglycerides and progesterone in blood serum},
	volume = {117},
	doi = {10.1016/j.smallrumres.2013.12.025},
	number = {1},
	journal = {Small Ruminant Research},
	author = {Bianchi, Anderson E and Macedo, Vicente P and França, Raqueli T and Lopes, Sonia TA and Lopes, Leandro S and Stefani, Lenita M and Volpato, Andréia and Lima, Horácio L and Paiano, Diovani and {\textbf{Machado, Gustavo}}},
	year = {2014},
	pages = {78--83},
}

@article{weber_high_2014,
	title = {High frequency of bovine viral diarrhea virus type 2 in {Southern} {Brazil}},
	volume = {191},
	doi = {10.1016/j.virusres.2014.07.035},
	journal = {Virus research},
	author = {Weber, MN and Silveira, S and Machado, G and Groff, FHS and Mósena, ACS and Budaszewski, RF and Dupont, PM and Corbellini, LG and Canal, CW},
	year = {2014},
	pages = {117--124},
}

@article{groff_polymerase_2010,
	title = {Polymerase chain reaction for the diagnosis of bovine genital campylobacteriosis},
	volume = {30},
	doi = {10.1590/S0100-736X2010001200005},
	journal = {Pesquisa Veterinária Brasileira},
	author = {Groff, Ana and Kirinus, Jackeline K and Silva, Mariana Sá and {\textbf{Machado, Gustavo}} and Costa, Mateus M and Vargas, Agueda PC},
	year = {2010},
	pages = {1031--1035},
}

@article{hein_bovine_2012,
	title = {Bovine neosporosis: evaluation of vertical transmission and population etiological fraction of abortion in a bovine population in the {State} of {Rio} {Grande} do {Sul}, {Brazil}.},
	volume = {32},
	number = {5},
	journal = {Pesquisa Veterinária Brasileira},
	author = {Hein, Heber E and {\textbf{Machado, Gustavo}} and Miranda, ICS and Costa, Eduardo F and Pellegrini, Debora CP and Driemeier, David and Corbellini, Luis G},
	year = {2012},
	pages = {396--400},
}

@article{de_faria_valle_identification_2014,
	title = {Identification, occurrence and clinical findings of canine hemoplasmas in southern {Brazil}},
	volume = {37},
	number = {4},
	journal = {Comparative immunology, microbiology and infectious diseases},
	author = {de Faria Valle, Stella and Messick, Joanne B and Dos Santos, Andrea Pires and Kreutz, Luiz Carlos and Duda, Naila Cristina Blatt and {\textbf{Machado, Gustavo}} and Corbellini, Luis Gustavo and Biondo, Alexander Welker and González, Felix Hilario Diaz},
	year = {2014},
	pages = {259--265},
}

@article{sousa_e_silva_cattle_2014,
	title = {Cattle rearing in {Rio} {Grande} do {Sul}, {Brazil}.},
	volume = {42},
	journal = {Acta Scientiae Veterinariae},
	author = {Sousa e Silva, G de and Costa, Eduardo and Bernardo, FA and Groff, FHS and Todeschini, Bernardo and dos Santos, D Viali and {\textbf{Machado, Gustavo}}},
	year = {2014},
}

@article{klauck_insecticidal_2014,
	title = {Insecticidal and repellent effects of tea tree and andiroba oils on flies associated with livestock},
	volume = {28},
	doi = {10.1111/mve.12078},
	number = {S1},
	journal = {Medical and Veterinary Entomology},
	author = {Klauck, V 1 and Pazinato, R and Stefani, LM and Santos, RC and Vaucher, RA and Baldissera, MD and Raffin, R and Boligon, A and Athayde, M and Baretta, D},
	year = {2014},
	pages = {33--39},
}

@article{risso_influence_2015,
	title = {Influence of pathological conditions caused by gastrointestinal parasites infection on pregnant ewe’s behavior},
	volume = {43},
	journal = {Acta Sci. Vet},
	author = {Risso, Angelica and Kessler, Julcemar Dias and Soriano, Vanessa Souza and Nunes, Maria Luisa Appendino and {\textbf{Machado, Gustavo}} and Langaro, Anaiara and Rossetto, Rafaella and Zuffo, Tais and Dallago, Matheus and Castro, Patric},
	year = {2015},
	pages = {1283},
}

@article{ziech_campylobacter_2014,
	title = {Campylobacter fetus in cattle from {Rio} {Grande} do {Sul} state, {Brazil}},
	author = {Ziech, Rosangela Estel and {\textbf{Machado, Gustavo}} and Kirinus, Jackeline Karsten and Libardoni, Felipe and Kessler, Julcemar Dias and Pötter, Luciana and de Vargas, Agueda Castagna},
        doi = {10.1590/S0103-84782014000100023},
	year = {2014},
}

@article{silva_sheep_2013,
	title = {Sheep industry in the {State} of {Rio} {Grande} do {Sul}, {Brazil}: {Description} of the production system and the main health and reproductive aspects},
	volume = {33},
	number = {12},
	journal = {Pesquisa Veterinária Brasileira},
	author = {Silva, Ana Paula S Poeta and Santos, Diego V and Kohek Jr, Ivo and {\textbf{Machado, Gustavo}} and Hein, Héber E and Vidor, Ana Carla M and Corbellini, Luis Gustavo},
	year = {2013},
	pages = {1453--1458},
}

@article{spanamberg_aspergillus_2013,
	title = {Aspergillus fumigatus from normal and condemned carcasses with airsacculitis in commercial poultry},
	volume = {33},
	doi = {10.1590/S0100-736X2013000900004},
	journal = {Pesquisa Veterinaria Brasileira},
	author = {Spanamberg, Andréia and {\textbf{Machado, Gustavo}} and Casagrande, Renata Assis and Sales, Gabriela Miller and Fraga, Cibele Floriano and Corbellini, Luís Gustavo and Driemeier, David and Ferreiro, Laerte},
	year = {2013},
	pages = {1071--1075},
}

@article{silva_casecontrol_2015,
	title = {Case–control study evaluating the sow’s risk factors associated with stillbirth piglets in {Midwestern} in {Brazil}},
	volume = {47},
	doi = {10.1007/s11250-014-0745-8},
	number = {2},
	journal = {Tropical animal health and production},
	author = {Silva, Gustavo Sousa and da Costa Lana, Marconni Victor and Dias, Geovanny Bruno Gonçalves and da Cruz, Raquel Aparecida Sales and Lopes, Leticya Lerner and {\textbf{Machado, Gustavo}} and Corbellini, Luis Gustavo and Gava, Danielle and Souza, Marcos Almeida and Pescador, Caroline Argenta},
	year = {2015},
	pages = {445--449},
}

@article{topazio_seroprevalence_2014,
	title = {Seroprevalence and risk factors for {Neospora} caninum in goats in {Santa} {Catarina} state, {Brazil}},
	volume = {23},
	doi = {10.1590/S1984-29612014062},
	number = {3},
	journal = {Revista Brasileira de Parasitologia Veterinária},
	author = {Topazio, Josué Pires and Weber, Augusto and Camillo, Giovana and Vogel, Fernanda Flores and {\textbf{Machado, Gustavo}} and Ribeiro, André and Moura, Anderson Barbosa and Lopes, Leandro Sâmia and Tonin, Alexandre Alberto and Soldá, Natan Marcos},
	year = {2014},
	pages = {360--366},
}

@article{baldissera_blood_2015,
	title = {Blood gas analyses and other components involved in the acid–base metabolism of rats infected by {Trypanosoma} evansi},
	volume = {6},
	doi = {10.1016/j.jare.2014.12.001},
	number = {6},
	journal = {Journal of advanced research},
	author = {Baldissera, Matheus D and Vaucher, Rodrigo A and Oliveira, Camila B and Rech, Virginia C and Sagrillo, Michele R and Stainki, Daniel R and Franca, Raqueli T and {\textbf{Machado, Gustavo}} and Lopes, Sonia TA and Monteiro, Silvia G},
	year = {2015},
	pages = {1079--1082},
}

@article{machado_caseous_2011,
	title = {Caseous lymphadenitis in sheep slaughtered under federal inspection in the state of {Rio} {Grande} do {Sul}-estimation of losses.},
	volume = {39},
	number = {2},
	journal = {Acta Scientiae Veterinariae},
	author = {{\textbf{Machado, Gustavo}} and Gressler, Leticia Trevisan and Kirinus, Jackeline Karsten and Herrmann, Geder Paulo},
	year = {2011},
}

@article{machado_bovine_2015,
	title = {Bovine pyogranulomatous mastitis caused by {Mycobacterium} goodii},
	volume = {2},
	doi = {10.1099/jmmcr.0.004150-0},
	number = {1},
	journal = {JMM Case Reports},
	author = {{\textbf{Machado, Gustavo}} and Gressler, Letícia Trevisan and Siqueira, Franciele Maboni and Balzan, Claudia and Brum, Juliana Sperotto and De Vargas, Agueda Castagna},
	year = {2015},
	pages = {e004150},
}

@article{schneider_leptospirosis_2015,
	title = {Leptospirosis in {Rio} {Grande} do {Sul}, {Brazil}: an ecosystem approach in the animal-human interface},
	volume = {9},
	doi = {10.1371/journal.pntd.0004095},
	number = {11},
	journal = {PLoS neglected tropical diseases},
	author = {Schneider, Maria Cristina and Najera, Patricia and Pereira, Martha M and {\textbf{Machado, Gustavo}} and dos Anjos, Celso B and Rodrigues, Rogério O and Cavagni, Gabriela M and Muñoz-Zanzi, Claudia and Corbellini, Luis G and Leone, Mariana},
	year = {2015},
	pages = {e0004095},
}

@article{ferreiro_isolation_2014,
	title = {Isolation of dermatophytes and saprotrophic fungi from the hair coat of cats without skin disorders in the metropolitan area of {Porto} {Alegre}-{RS}, {Brazil}.},
	volume = {42},
	journal = {Acta Scientiae Veterinariae},
	author = {Ferreiro, Laerte and Roehe, Carlos and Dorneles, Andreia Spanamberg and {\textbf{Machado, Gustavo}} and Fraga, Cibele Floriano and Lupion, Camila Gottlieb and Barroso, Gabriela Javornick and Sanches, EMC},
	year = {2014},
}

@article{topazio_antibodies_2015,
	title = {Antibodies to {Leptospira} interrogans in goats and risk factors of the disease in {Santa} {Catarina} ({West} side), {Brazil}},
	volume = {99},
	doi = {10.1016/j.rvsc.2015.01.014},
	journal = {Research in Veterinary Science},
	author = {Topazio, Josué and Tonin, Alexandre A and {\textbf{Machado, Gustavo}} and Noll, Jessica CG and Ribeiro, André and Moura, Anderson B and Carmo, Guilherme M and Grosskopf, Hyolanda M and Martins, Jorge LR and Badke, Manoel RT},
	year = {2015},
	pages = {53--57},
}

@article{libardoni_prevalence_2016,
	title = {Prevalence of {Streptococcus} equi subsp. equi in horses and associated risk factors in the {State} of {Rio} {Grande} do {Sul}, {Brazil}},
	volume = {104},
	doi = {10.1016/j.rvsc.2015.11.009},
	journal = {Research in veterinary science},
	author = {Libardoni, Felipe and {\textbf{Machado, Gustavo}} and Gressler, Letícia Trevisan and Kowalski, Ananda Paula and Diehl, Gustavo Nogueira and dos Santos, Lucila Carboneiro and Corbellini, Luis Gustavo and de Vargas, Agueda Castagna},
	year = {2016},
	pages = {53--57},
}

@article{silva_cattle_2014,
	title = {Cattle {Rearing} in {Rio} {Grande} do {Sul}, {Brazil}},
	volume = {42},
	journal = {Acta Scientiae Veterinariae},
	author = {Silva, Gustavo de Sousa e and Costa, Eduardo and Bernardo, Fausto Antonio and Sauter Groff, Fernando Henrique and Todeschini, Bernardo and dos Santos, Diego Viali and {\textbf{Machado, Gustavo}}},
	year = {2014},
}

@article{weiblen_seroprevalence_2015,
	title = {Seroprevalence of {Pythium} insidiosum infection in equine in {Rio} {Grande} do {Sul}, {Brazil}},
	volume = {46},
	doi = {10.1590/0103-8478cr20150056},
	journal = {Ciência Rural},
	author = {Weiblen, Carla and {\textbf{Machado, Gustavo}} and Jesus, Francielli Pantella Kunz de and Santurio, Janio Morais and Zanette, Régis Adriel and Pereira, Daniela Sabel Brayer and Diehl, Gustavo Nogueira and Santos, Lucila Carboneiro dos and Corbellini, Luis Gustavo and Botton, Sônia de Avila},
	year = {2015},
	pages = {126--131},
}

@article{bottari_sulfamethoxazole-trimethoprim_2015,
	title = {Sulfamethoxazole-trimethoprim associated with resveratrol for the treatment of toxoplasmosis in mice: influence on the activity of enzymes involved in brain neurotransmission},
	volume = {79},
	doi = {10.1016/j.micpath.2015.01.001},
	journal = {Microbial pathogenesis},
	author = {Bottari, Nathieli B and Baldissera, Matheus D and Tonin, Alexandre A and Rech, Virginia C and Nishihira, Vivian SK and Thomé, Gustavo R and Schetinger, Maria Rosa C and Morsch, Vera M and Camillo, Giovana and Vogel, Fernanda F},
	year = {2015},
	pages = {17--23},
}

@article{baldissera_effect_2015,
	title = {Effect of zinc supplementation on ecto-adenosine deaminase activity in lambs infected by {Haemonchus} contortus: {Highlights} on acute phase of disease},
	volume = {151},
	doi = {10.1016/j.exppara.2015.01.010},
	journal = {Experimental parasitology},
	author = {Baldissera, Matheus D and Pivoto, Felipe L and Bottari, Nathieli B and Tonin, Alexandre A and {\textbf{Machado, Gustavo}} and Aires, Adelina R and Rocha, José FX and Pelinson, Luana P and Dalenogare, Diéssica P and Schetinger, Maria Rosa C},
	year = {2015},
	pages = {34--38},
}

@article{santiago-neto_age_2014,
	title = {Age related to the presence of antimicrobial resistant bacteria in twenty one dairy herds in {Rio} {Grande} do {Sul}, {Brazil}},
	volume = {34},
	number = {7},
	journal = {Pesquisa Veterinária Brasileira},
	author = {Santiago-Neto, Waldemir and {\textbf{Machado, Gustavo}} and Paim, Daniel S and Campos, Thais de and Brito, Maria AVP and Cardoso, Marisa RI and Corbellini, Luís G},
	year = {2014},
	pages = {613--620},
}

@article{do_carmo_butyrylcholinesterase_2015,
	title = {Butyrylcholinesterase as a marker of inflammation and liver injury in the acute and subclinical phases of canine ehrlichiosis},
	volume = {43},
	doi = {10.1016/j.cimid.2015.09.005},
	journal = {Comparative immunology, microbiology and infectious diseases},
	author = {do Carmo, Guilherme M and Crivellenti, Leandro Z and Bottari, Nathieli B and {\textbf{Machado, Gustavo}} and Borin-Crivellenti, Sofia and Moresco, Rafael N and Duarte, Thiago and Duarte, Marta and Tinucci-Costa, Mirela and Morsch, Vera M},
	year = {2015},
	pages = {16--21},
}

@article{machado_seroprevalence_2015,
	title = {Seroprevalence of {Brucella} ovis in rams and associated flock level risk factors in the state of {Rio} {Grande} do {Sul}, {Brazil}},
	volume = {121},
	doi = {10.1016/j.prevetmed.2015.05.009},
	number = {1-2},
	journal = {Preventive veterinary medicine},
	author = {Machado, G and Santos, DV and Kohek, I and Stein, MC and Hein, HE and Poeta, AS and Vidor, ACM and Corbellini, LG},
	year = {2015},
	pages = {183--187},
}

@article{bolson_pino_2008,
	title = {Pino ósseo homólogo conservado em glicerina a 98\% e hemicerclagem com fio poliglactina 910 na osteossíntese umeral de pombos domésticos},
	volume = {38},
	doi = {10.1590/S0103-84782008000700019},
	journal = {Ciência Rural},
	author = {Bolson, Juliano and Schossler, João Eduardo Wallau and {\textbf{Machado, Gustavo}} and Zembrzuski, Fernanda Boligon},
	year = {2008},
	pages = {1925--1931},
}

@article{veloso_pneumocystis_2014,
	title = {Pneumocystis spp. and {Histoplasma} capsulatum in bats lungs in {Southern} and {Midwestern} regions of {Brazil}.},
	volume = {42},
	journal = {Acta Scientiae Veterinariae},
	author = {Veloso, SSC and Ferreiro, Laerte and Pacheco, Susi Missel and da Silva, RRP and Souza, E de C and {\textbf{Machado, Gustavo}} and Wissmann, Gustavo and Spanamberg, Andreia and Sanches, EMC},
	year = {2014},
}

@article{balzan_cost-benefit_2014,
	title = {Cost-benefit of anthelmintic protocols in naturally infected sheep},
	volume = {42},
	number = {1},
	journal = {Acta Scientiae Veterinariae},
	author = {Balzan, Alexandre and Cazarotto, Chrystian Jassanã and {\textbf{Machado, Gustavo}} and Grosskopf, Rhayana Kharyna and Simioni, Flavio José and Stefani, Lenita Moura and Da Silva, Aleksandro Schafer},
	year = {2014},
	pages = {1--5},
}

@article{farias_stability_2013,
	title = {Stability evaluation of propolis topical bases for veterinary use},
	volume = {56},
	journal = {Brazilian Archives of Biology and Technology},
	author = {Farias, Luana d'Avila and Pereira, Camila Bugnotto and {\textbf{Machado, Gustavo}} and Schmidt, Cleber Alberto and Vargas, Agueda Castagna de},
	year = {2013},
	pages = {942--947},
}

@article{machado_what_2015,
	title = {What variables are important in predicting bovine viral diarrhea virus? {A} random forest approach},
	volume = {46},
	doi = {10.1186/s13567-015-0219-7},
	number = {1},
	journal = {Veterinary research},
	author = {{\textbf{Machado, Gustavo}} and Mendoza, Mariana Recamonde and Corbellini, Luis Gustavo},
	year = {2015},
	pages = {1--15},
}

@article{herrmann_post_2011,
	title = {Post vaccinal antibodies profile of sheep immunized with one or two doses of an oil emulsified anti leptospirosis bacterin produced with serovar {Hardjo}, type {Hardjoprajitno}, strain {Norma}, isolated in {Brazil}},
	volume = {31},
	number = {8},
	journal = {Pesquisa Veterinária Brasileira},
	author = {Herrmann, Geder Paulo and Rodrigues, Rogério Oliveira and Vidal, Carlos Eugênio Soto and {\textbf{Machado, Gustavo}} and Moreira, Élvio Carlos and Leite, Rômulo Cerqueira},
	year = {2011},
	pages = {683--689},
}

@article{gressler_campylobacter_2012,
	title = {Campylobacter fetus subespécie fetus: abortamento e natimortalidade em ovinos},
	volume = {42},
	number = {4},
	journal = {Ciência Rural},
	author = {Gressler, Letícia Trevisan and Kirinus, Jackeline Karsten and {\textbf{Machado, Gustavo}} and Libardoni, Felipe and Vargas, Agueda Castagna de},
	year = {2012},
	pages = {697--700},
}

@article{schwertz_relationship_2016,
	title = {Relationship between pathological findings and cholinesterase activity and nitric oxide levels in cattle infected naturally by {Eurytrema} coelomaticum},
	volume = {154},
	doi = {10.1016/j.jcpa.2016.01.009},
	number = {2-3},
	journal = {Journal of comparative pathology},
	author = {Schwertz, CI and Do Carmo, GM and Bottari, NB and da Silva, ES and Gabriel, ME and Lucca, NJ and Guarda, N dos S and Moresco, RN and {\textbf{Machado, Gustavo}} and Morsch, VM},
	year = {2016},
	pages = {150--156},
}

@article{klauck_relation_2016,
	title = {Relation between {Neospora} caninum and abortion in dairy cows: {Risk} factors and pathogenesis of disease},
	volume = {92},
	doi = {10.1016/j.micpath.2015.12.015},
	journal = {Microbial pathogenesis},
	author = {Klauck, Vanderlei and {\textbf{Machado, Gustavo}} and Pazinato, Rafael and Radavelli, Willian M and Santos, Daiane S and Berwaguer, Jean Carlo and Braunig, Patricia and Vogel, Fernanda F and Da Silva, Aleksandro S},
	year = {2016},
	pages = {46--49},
}

@article{radavelli_effect_2016,
	title = {Effect of lactation induction on milk production and composition, oxidative and antioxidant status, and biochemical variables},
	volume = {25},
	doi = {10.1007/s00580-016-2243-z},
	number = {3},
	journal = {Comparative Clinical Pathology},
	author = {Radavelli, Willian Mauricio and Campigotto, Gabriela and {\textbf{Machado, Gustavo}} and Bottari, Nathieli B and Bochi, Guilherme and Moresco, Rafael N and Morsch, Vera M and Schetinger, Maria Rosa C and Bianchi, Anderson and Baldissera, Matheus D},
	year = {2016},
	pages = {639--648},
}

@article{doyle_influence_2016,
	title = {Influence of experimental {Anaplasma} marginale infection and splenectomy on {NTPDase} and 5'nucleotidase activities in platelets of cattle},
	volume = {95},
	doi = {10.1016/j.micpath.2016.02.019},
	journal = {Microbial pathogenesis},
	author = {Doyle, Rovaina L and Oliveira, Camila B and França, Raqueli T and Doleski, Pedro H and Souza, Viviane C and Leal, Daniela BR and Martins, João R and Lopes, Sonia TA and {\textbf{Machado, Gustavo}} and Da Silva, Aleksandro S},
	year = {2016},
	pages = {49--53},
}

@article{machado_bovine_2016,
	title = {Bovine {Viral} {Diarrhoea} {Virus} ({BVDV}) in dairy cattle: a matched case–control study},
	volume = {63},
	doi = {10.1111/tbed.12219},
	number = {1},
	journal = {Transboundary and emerging diseases},
	author = {{\textbf{Machado, Gustavo}} and Egocheaga, RMF and Hein, HE and Miranda, ICS and Neto, WS and Almeida, LL and Canal, CW and Stein, MC and Corbellini, LG},
	year = {2016},
	pages = {e1--e13},
}

@article{balzan_pre-and_2016,
	title = {Pre-and post-partum seric biochemical variables of {Lacaune} ewes naturally infected by gastrointestinal parasites},
	volume = {25},
	number = {4},
	journal = {Comparative Clinical Pathology},
	author = {Balzan, Alexandre and {\textbf{Machado, Gustavo}} and Bottari, Nathieli B and Volpato, Andreia and Grosskopf, Rhayana and Boito, Jhonatan P and Cazarotto, Chrystian J and Schetinger, Maria Rosa C and Morsch, Vera M and da Silva, Aleksandro S},
	year = {2016},
	pages = {815--823},
}

@article{grosskopf_natural_2017,
	title = {Natural or replacer sources of milk in lambs during feeding adaptation: influences on performance, metabolism of protein and lipid and oxidative/antioxidant status},
	volume = {101},
	doi = {10.1111/jpn.12526},
	number = {2},
	journal = {Journal of animal physiology and animal nutrition},
	author = {Grosskopf, RK and Grosskopf, HM and Boito, JP and Bottari, NB and {\textbf{Machado, Gustavo}} and Biazus, AH and Schetinger, MRC and Morsch, VM and Tonin, AA and Paiano, D},
	year = {2017},
	pages = {243--250},
}

@article{boito_evaluation_2016,
	title = {Evaluation of tea tree oil for controlling {Rhipicephalus} microplus in dairy cows},
	volume = {225},
	doi = {10.1016/j.vetpar.2016.05.031},
	journal = {Veterinary parasitology},
	author = {Boito, Jhonatan Pazinatto and Santos, Roberto C and Vaucher, Rodrigo A and Raffin, Renata and {\textbf{Machado, Gustavo}} and Tonin, Alexandre A and Da Silva, Aleksandro S},
	year = {2016},
	pages = {70--72},
}

@article{doyle_imidocarb_2016,
	title = {Imidocarb dipropionate in the treatment of {Anaplasma} marginale in cattle: {Effects} on enzymes of the antioxidant, cholinergic, and adenosinergic systems},
	volume = {97},
	doi = {10.1016/j.micpath.2016.06.001},
	journal = {Microbial pathogenesis},
	author = {Doyle, Rovaina L and Fritzen, Alexandro and Bottari, Nathieli B and Alves, Mariana S and da Silva, Aniélen D and Morsch, Vera M and Schetinger, Maria Rosa C and Martins, João R and Santos, Julsan S and {\textbf{Machado, Gustavo}}},
	year = {2016},
	pages = {226--230},
}

@article{lunkes_antibodies_2016,
	title = {Antibodies against vesicular stomatitis virus in horses from southern, midwestern and northeastern {Brazilian} {States}},
	volume = {46},
	doi = {10.1590/0103-8478cr20151135},
	journal = {Ciência Rural},
	author = {Lunkes, Vinícius Leobet and Tonin, Alexandre Alberto and {\textbf{Machado, Gustavo}} and Corbellini, Luis Gustavo and Diehl, Gustavo Nogueira and Santos, Lucila Carboneiro dos and Bezerra, Camila de Sousa and Azevedo, Sérgio Santos de and Pequeno, Nebson Fernandes and Silva, Adriana Moraes da},
	year = {2016},
	pages = {1424--1429},
}

@article{cazarotto_horses_2016,
	title = {Horses seropositive for {Toxoplasma} gondii, {Sarcocystis} spp. and {Neospora} spp.: {Possible} risk factors for infection in {Brazil}},
	volume = {99},
	doi = {10.1016/j.micpath.2016.07.016},
	journal = {Microbial Pathogenesis},
	author = {Cazarotto, Chrystian J and Balzan, Alexandre and Grosskopf, Rhayana K and Boito, Jhonatan P and Portella, Luiza P and Vogel, Fernanda F and Fávero, Juscivete F and Cucco, Diego de C and Biazus, Angelisa H and {\textbf{Machado, Gustavo}}},
	year = {2016},
	pages = {30--35},
}

@article{favero_ntpdase_2016,
	title = {{NTPDase} and 5′-nucleotidase as inflammatory markers in cattle naturally infected by {Eurytrema} coelomaticum},
	volume = {48},
	doi = {10.1016/j.cimid.2016.07.005},
	journal = {Comparative immunology, microbiology and infectious diseases},
	author = {Fávero, Juscivete F and Schwertz, Claiton I and Doleski, Pedro H and Leal, Daniela BR and {\textbf{Machado, Gustavo}} and Manzoni, Alessandra G and da Silva, Ester S and Gabriel, Mateus E and Stedille, Fernanda A and Christ, Ricardo},
	year = {2016},
	pages = {48--53},
}

@article{de_moura_seroprevalence_2016,
	title = {Seroprevalence and risk factors for {Toxoplasma} gondii infection in goats in {Southern} {Brazil}},
	volume = {44},
	journal = {Acta Scientiae Veterinariae},
	author = {de Moura, Anderson Barbosa and Ribeiro, André and de Souza, Antonio Pereira and da Silva, Marcio Orides and {\textbf{Machado, Gustavo}} and Klauck, Vanderlei and Pazinato, Rafael and Da Silva, Aleksandro Schafer},
	year = {2016},
	pages = {1--7},
}

@article{spanamberg_identification_2016,
	title = {Identification and characterization of {Aspergillus} fumigatus isolates from broilers},
	volume = {36},
	doi = {10.1590/S0100-736X2016000700005},
	journal = {Pesquisa Veterinária Brasileira},
	author = {Spanamberg, Andréia and Ferreiro, Laerte and {\textbf{Machado, Gustavo}} and Fraga, Cibele Floriano and Araujo, Ricardo},
	year = {2016},
	pages = {591--594},
}

@article{fritzen_relation_2016,
	title = {Relation between calcium levels and adenosine deaminase activity in serum in pre-and postpartum of dairy cow},
	volume = {25},
	doi = {10.1007/s00580-016-2329-7},
	number = {6},
	journal = {Comparative Clinical Pathology},
	author = {Fritzen, Alexandro and Albani, Kassio D and {\textbf{Machado, Gustavo}} and Bottari, Nathieli B and Alves, Mariana S and Schetinger, Maria Rosa C and Morsch, Vera M and Giuriatti, Jessica and da Silva, Aleksandro S},
	year = {2016},
	pages = {1201--1205},
}

@article{da_silva_oxidative_2017,
	title = {Oxidative stress in dairy cows naturally infected with the lungworm {Dictyocaulus} viviparus ({Nematoda}: {Trichostrongyloidea})},
	volume = {91},
	doi = {10.1017/S0022149X16000456},
	number = {4},
	journal = {Journal of helminthology},
	author = {Da Silva, AD and Da Silva, AS and Baldissera, MD and Schwertz, CI and Bottari, NB and Carmo, GM and {\textbf{Machado, Gustavo}} and Lucca, NJ and Henker, LC and Piva, MM},
	year = {2017},
	pages = {462--469},
}

@article{pereira_butyrylcholinesterase_2017,
	title = {Butyrylcholinesterase activity in dairy cows naturally infected by {Dictyocaulus} viviparous and treated with eprinomectin},
	volume = {26},
	doi = {10.1007/s00580-016-2358-2},
	number = {1},
	journal = {Comparative Clinical Pathology},
	author = {Pereira, Raquel Grande and Da Silva, Aleksandro Schafer and Mendes, Ricardo E and Bottari, Nathieli B and Schwertz, Claiton I and Lucca, Neuber J and Henker, Luan C and Morsch, Vera M and Schetinger, Maria Rosa C and {\textbf{Machado, Gustavo}}},
	year = {2017},
	pages = {155--158},
}

@article{balzan_occurrence_2017,
	title = {Occurrence of gastrointestinal helminths in horses and risk factors for infection},
	volume = {26},
	doi = {10.1007/s00580-016-2360-8},
	number = {1},
	journal = {Comparative Clinical Pathology},
	author = {Balzan, Alexandre and Cazarotto, Chrystian J and Grosskopf, Rhayana K and {\textbf{Machado, Gustavo}} and Tonin, Alexandre A and Da Silva, Aleksandro S},
	year = {2017},
	pages = {159--163},
}

@article{grosskopf_cattle_2017,
	title = {Cattle naturally infected by {Eurytrema} coelomaticum: {Relation} between adenosine deaminase activity and zinc levels},
	volume = {110},
	doi = {10.1016/j.rvsc.2016.10.016},
	journal = {Research in veterinary science},
	author = {Grosskopf, Hyolanda M and Schwertz, Claiton I and {\textbf{Machado, Gustavo}} and Bottari, Nathieli B and da Silva, Ester S and Gabriel, Mateus E and Lucca, Neuber J and Alves, Mariana S and Schetinger, Maria Rosa C and Morsch, Vera M},
	year = {2017},
	pages = {79--84},
}

@article{grosskopf_supplementation_2017,
	title = {Supplementation with copper edetate in control of {Haemonchus} contortus of sheep, and its effect on cholinesterase's and superoxide dismutase activities},
	volume = {173},
	doi = {10.1016/j.exppara.2016.12.011},
	journal = {Experimental parasitology},
	author = {Grosskopf, Hyolanda M and Grosskopf, Rhayana K and Biazus, Angelisa H and Leal, Marta LR and Bottari, Nathieli B and Alves, Mariana S and Schetinger, Maria Rosa C and Morsch, Vera M and {\textbf{Machado, Gustavo}} and Baldissera, Matheus D},
	year = {2017},
	pages = {34--41},
}

@article{solda_injectable_2017,
	title = {Injectable mineral supplementation to transition period dairy cows and its effects on animal health},
	volume = {26},
	doi = {10.1007/s00580-016-2378-y},
	number = {2},
	journal = {Comparative Clinical Pathology},
	author = {Soldá, Natan M and Glombowsky, Patrícia and Campigotto, Gabriela and Bottari, Nathieli B and Schetinger, Maria Rosa C and Morsch, Vera M and Favero, Juscivete F and Baldissera, Matheus D and Schogor, Ana Luiza B and Barreta, Dilmar},
	year = {2017},
	pages = {335--342},
}

@article{bergamini_hematologic_2017,
	title = {Hematologic {Variation} {Values} of {Captive} {Red}-footed {Tortoise} ({Chelonoidis} carbonaria) in {South} {Brazil}},
	volume = {1},
	number = {45},
	journal = {Acta Scientiae Veterinariae},
	author = {Bergamini, B. C. S. and Santos, E. O. and Wartchow, B. S. and Heck, L. and Uhrig, L. and Fracelino, L. K. S. and Stein, G. G. and {\textbf{Machado, Gustavo}} and ValleE, S. F.},
	year = {2017},
	pages = {1426},
}


@article{solda_gastrointestinal_2016,
	title = {Gastrointestinal parasites in dairy cows present in farm show in western {Santa} {Catarina}, {Brazil}},
	volume = {10},
	number = {4},
	journal = {Acta Veterinaria Brasilica},
	author = {Soldá, Natan Marcos and Glombowsky, Patricia and Chiocca, Maisa and de Cordova Cucco, Diego and Oliveira, Tais Cardoso and Da Silva, Aleksandro Schafer and {\textbf{Machado, Gustavo}}},
	year = {2016},
	pages = {373--377},
}

@article{santos_alise_2013,
	title = {Análise do ingresso de animais de produção e seus produtos no {Estado} do {Rio} {Grande} do {Sul}},
	volume = {31},
	journal = {A hora veterinária},
	author = {Santos, D. V. and Hein, Heber and {\textbf{Machado, Gustavo}}},
	year = {2013},
	pages = {32--36},
}

@article{martinez_notificacoes_2013,
	title = {Notificações de doenças de bovinos recebidas pelo {Serviço} {Veterinário} {Oficial} do {Rio} {Grande} do {Sul} nos anos de 2011 e 2012},
	volume = {32},
	journal = {A hora veterinária},
	author = {Martinez, B. and Costa, E. F. and {\textbf{Machado, Gustavo}} and Hein, Heber and Medeiros, A. and Correa, A.},
	year = {2013},
	pages = {28--33},
}

@article{machado_notificacoes_2013,
	title = {Notificações de doenças de ovinos recebidas pelo {Serviço} {Veterinário} {Oficial} do {Rio} {Grande} do {Sul} nos anos de 2011 e 2012},
	volume = {32},
	journal = {A hora veterinária},
	author = {{\textbf{Machado, Gustavo}} and Hein, Heber and Martinez, B. and Cadore, M. B. and Kohek, I. and Santos, D. V},
	year = {2013},
	pages = {22--26},
}

@article{hein_notificacao_2013,
	title = {Notificação de doenças de suínos recebidos pelo {Serviço} {Veterinário} {Oficial} do {Rio} {Grande} do {Sul} nos anos 2011 e 2012},
	number = {33},
	journal = {A hora veterinária},
	author = {Hein, Heber and Costa, E. F. and {\textbf{Machado, Gustavo}} and Martinez, B. and Medeiros, A. and Ivo, V},
	year = {2013},
	pages = {22--26},
}

@article{santiago-neto_notificacoes_2013,
	title = {Notificações de doenças de frangos recebidas pelo {Serviço} {Veterinário} {Oficial} do {Rio} {Grande} do {Sul} nos anos de 2011 e 2012},
	number = {33},
	journal = {A hora veterinária},
	author = {Santiago-neto, W. and Marks, F. S. and Costa, E. F. and {\textbf{Machado, Gustavo}} and Santos, D. V},
	year = {2013},
	pages = {34--37},
}

@article{custodio_use_2017,
	title = {Use of homeopathic product to prevent ketosis in the dairy sheep during the transition period},
	journal = {Comparative Clinical Pathology},
        doi = {10.1007/s00580-017-2414-6},
        pages = {535--541},
	number = {3},
	author = {Custódio, E and Baldissera, M. and {\textbf{Machado, Gustavo}} and Cazarotto, C.J and Boito, J.P and Biazus, A.H and Galli, G.M and Reis, J.H and Gebert, R.R and Ferreira, E.G},
	year = {2017},
}

@article{solda_parasitos_2016,
	title = {Parasitos gastrintestinais em vacas leiteiras presentes em exposições agropecuárias na região oeste de {Santa} {Catarina}, {Brasil}},
	volume = {10},
	number = {4},
	journal = {Acta Veterinaria Brasilica},
	author = {Soldá, Natan Marcos and Da Silva, Aleksandro Schafer and Glombowsky, Patricia and Chiocca, Maisa and Cucco, Diego De Cordova and Oliveira, Tais Cardoso and {\textbf{Machado, Gustavo}}},
	year = {2016},
	pages = {373--377},
}

@article{santiago-neto_relacao_2014,
	title = {Relação da idade na presença de bactérias resistentes a antimicrobianos em rebanhos leiteiros no {Rio} {Grande} do {Sul}},
	volume = {34},
	doi = {10.1590/S0100-736X2014000700001},
	journal = {Pesquisa Veterinária Brasileira},
	author = {Santiago-Neto, Waldemir and {\textbf{Machado, Gustavo}} and Paim, Daniel S and Campos, Thais de and Brito, Maria AVP and Cardoso, Marisa RI and Corbellini, Luís G},
	year = {2014},
	pages = {613--620},
}

@article{ziech_campylobacter_2014-1,
	title = {Campylobacter fetus em bovinos no estado do {Rio} {Grande} do {Sul}},
	volume = {44},
	journal = {Ciência Rural},
	author = {Ziech, Rosangela Estel and {\textbf{Machado, Gustavo}} and Kirinus, Jackeline Karsten and Libardoni, Felipe and Kessler, Julcemar Dias and Pötter, Luciana and Vargas, Agueda Castagna de},
	year = {2014},
	pages = {141--146},
}

@article{campigotto_risk_2017,
	title = {Risk factors for {Toxoplasma} gondii in sheep of southern {Brazil}},
	volume = {26},
	doi = {10.1007/s00580-017-2432-4},
	number = {3},
	journal = {Comparative Clinical Pathology},
	author = {Campigotto, Gabriela and Da Silva, Aleksandro S and Volpato, Andréia and Fávero, Juscivete F and Glombowsky, Patrícia and Galli, Gabriela M and {\textbf{Machado, Gustavo}} and Vanessa S and Portella, Luiza P and Vogel, Fernanda F and Stefani, Lenita M},
	year = {2017},
	pages = {631--635},
}

@article{lorenzett_ocorrencia_2016,
	title = {Ocorrência de anticorpos anti-{Neospora} caninum em bovinos leiteiros no oeste do estado de {Santa} {Catarina}, {Brasil}},
	volume = {38},
	number = {3},
	journal = {Brazilian Journal of Veterinary Medicine},
	author = {Lorenzett, Marina Paula and Lucca, Neuber José and Henker, Luan Cleber and {\textbf{Machado, Gustavo}} and Gomes, Danilo Carloto and Mendes, Ricardo Evandro and Driemeier, David and Casagrande, Renata Assis},
	year = {2016},
	pages = {243--249},
}

@article{favero_bovine_2017,
	title = {Bovine leptospirosis: {Prevalence}, associated risk factors for infection and their cause-effect relation},
	volume = {107},
	doi = {10.1016/j.micpath.2017.03.032},
	journal = {Microbial pathogenesis},
	author = {Fávero, Juscivete F and de Araújo, Hugo L and Lilenbaum, Walter and {\textbf{Machado, Gustavo}} and Tonin, Alexandre A and Baldissera, Matheus D and Stefani, Lenita M and Da Silva, Aleksandro S},
	year = {2017},
	pages = {149--154},
}

@article{glombowsky_relation_2017,
	title = {Relation between diarrhea and infection by protozoans in dairy calves},
	volume = {26},
	doi = {10.1007/s00580-017-2467-6},
	number = {4},
	journal = {Comparative Clinical Pathology},
	author = {Glombowsky, Patrícia and Da Silva, Aleksandro Schafer and Volpato, Andreia and Soldá, Natan Marcos and Campigotto, Gabriela and Galli, Gabriela Miotto and Fávero, Juscivete Fátima and da Silva Santos, Daiane and {\textbf{Machado, Gustavo}}},
	year = {2017},
	pages = {929--933},
}

@article{e_silva_panorama_2014,
	title = {Panorama da bovinocultura no {Rio} {Grande} do {Sul}},
	volume = {42},
	number = {1},
	journal = {Acta Scientiae Veterinariae},
	author = {e Silva, Gustavo de Sousa and Costa, Eduardo and Bernardo, Fausto Antonio and Groff, Fernando Henrique Sauter and Todeschini, Bernardo and Dos Santos, Diego Viali and {\textbf{Machado, Gustavo}}},
	year = {2014},
	pages = {1--7},
}

@article{veloso_pneumocystis_2014-1,
	title = {Pneumocystis spp. e {Histoplasma} capsulatum detectados em pulmões de morcegos das regiões {Sul} e {Centro}-{Oeste} do {Brasil}},
	volume = {42},
	number = {1},
	journal = {Acta Scientiae Veterinariae},
	author = {Veloso, Silvana Cury Salomão and Ferreiro, Laerte and Pacheco, Susi Missel and Da Silva, Roberto Renato Pinheiro and de Conceição Souza, Eunice and {\textbf{Machado, Gustavo}} and Wissmann, Gustavo and Spanamberg, Andréia and Sanches, Edna Maria Cavallini},
	year = {2014},
	pages = {1--7},
}

@article{favero_risk_2017,
	title = {Risk factors for {Neospora} caninum infection in dairy cattle and their possible cause-effect relation for disease},
	volume = {110},
	doi = {10.1016/j.micpath.2017.06.042},
	journal = {Microbial pathogenesis},
	author = {Fávero, Juscivete F and Da Silva, Aleksandro S and Campigotto, Gabriela and {\textbf{Machado, Gustavo}} and de Barros, Luiz Daniel and Garcia, João Luis and Vogel, Fernanda F and Mendes, Ricardo E and Stefani, Lenita M},
	year = {2017},
	pages = {202--207},
}

@article{perin_occurrence_2017,
	title = {Occurrence of oxidative stress in dairy cows seropositives for {Brucella} abortus},
	volume = {110},
	doi = {10.1016/j.micpath.2017.06.043},
	journal = {Microbial pathogenesis},
	author = {Perin, Géssica and Fávero, Juscivete F and Severo, Diego RT and Silva, Anielen D and {\textbf{Machado, Gustavo}} and Araújo, Hugo L and Lilenbaum, Walter and Morsch, Vera M and Schetinger, Maria Rosa C and Jordão, Ricardo S},
	year = {2017},
	pages = {196--201},
}

@article{muller_effects_2017,
	title = {Effects of supplementation with spray-dried porcine plasma on blood variables on piglets feed with diet contaminated by mycotoxins},
	volume = {110},
	doi = {10.1016/j.micpath.2017.07.028},
	journal = {Microbial pathogenesis},
	author = {Müller, Lucieli KF and da Silva, Aleksandro S and Baldissera, Matheus D and Santurio, Janio M and Glombowsky, Patricia and Gugel, Jeferson and Campigotto, Gabriela and Gloria, Eduardo M and Paiano, Diovani and {\textbf{Machado, Gustavo}}},
	year = {2017},
	pages = {464--470},
}

@article{volpato_gastrointestinal_2017,
	title = {Gastrointestinal protozoa in dairy calves: identification of risk factors for infection},
	volume = {22},
	doi = {10.21897/rmvz.1027},
	number = {2},
	journal = {Revista MVZ Córdoba},
	author = {Volpato, Andreia and Tonin, Alexandre Alberto and {\textbf{Machado, Gustavo}} and Stefani, Lenita Moura and Campigotto, Gabriela and Glombowsky, Patricia and Galli, Gabriela Miotto and Favero, Juscivete Fatima and Silva, Aleksandro Schafer da},
	year = {2017},
	pages = {5910--5924},
}

@article{hein_neosporose_2012,
	title = {Neosporose bovina: avaliação da transmissão vertical e fração atribuível de aborto em uma população de bovinos no {Estado} do {Rio} {Grande} do {Sul}},
	volume = {32},
	doi = {10.1590/S0100-736X2012000500006},
	number = {5},
	journal = {Pesquisa Veterinária Brasileira},
	author = {Hein, Héber E and {\textbf{Machado, Gustavo}} and Miranda, Igor and Costa, Eduardo F and Pellegrini, Débora CP and Driemeier, David and Corbellini, Luís G},
	year = {2012},
	pages = {396--400},
}

@article{silva_ovinocultura_2013,
	title = {Ovinocultura do {Rio} {Grande} do {Sul}: descrição do sistema produtivo e dos principais aspectos sanitários e reprodutivos},
	volume = {33},
	doi = {10.1590/S0100-736X2013001200010},
	journal = {Pesquisa Veterinária Brasileira},
	author = {Silva, Ana Paula S Poeta and Santos, Diego V and Kohek Jr, Ivo and {\textbf{Machado, Gustavo}} and Hein, Héber E and Vidor, Ana Carla M and Corbellini, Luis Gustavo},
	year = {2013},
	pages = {1453--1458},
}

@article{hamrick_geographic_2017,
	title = {Geographic patterns and environmental factors associated with human yellow fever presence in the {Americas}},
	volume = {11},
	doi = {10.1371/journal.pntd.0005897},
	number = {9},
	journal = {PLoS neglected tropical diseases},
	author = {Hamrick, Patricia Najera and Aldighieri, Sylvain and {\textbf{Machado, Gustavo}} and Leonel, Deise Galan and Vilca, Luz Maria and Uriona, Sonia and Schneider, Maria Cristina},
	year = {2017},
	pages = {e0005897},
}

@article{martinez_odds_2017,
	title = {Odds ratio or prevalence ratio? {An} overview of reported statistical methods and appropriateness of interpretations in cross-sectional studies with dichotomous outcomes in veterinary medicine},
	volume = {4},
	doi = {10.3389/fvets.2017.00193},
	journal = {Frontiers in veterinary science},
	author = {Martinez, Brayan Alexander Fonseca and Leotti, Vanessa Bielefeldt and Nunes, Luciana Neves and {\textbf{Machado, Gustavo}} and Corbellini, Luís Gustavo},
	year = {2017},
	pages = {193},
}

@article{fortuoso_homeopathic_2018,
	title = {Homeopathic treatment as an alternative prophylactic to minimize bacterial infection and prevent neonatal diarrhea in calves},
	volume = {114},
	journal = {Microbial pathogenesis},
	author = {Fortuoso, Bruno F and Volpato, Andreia and Rampazzo, Luana and Glombowsky, Patrícia and Griss, Luiz Gustavo and Galli, Gabriela M and Stefani, Lenita M and Baldissera, Matheus D and Ferreira, Emanuel B and {\textbf{Machado, Gustavo}}},
	year = {2018},
	pages = {95--98},
}

@article{souza_changes_2018,
	title = {Changes of adenosinergic system in piglets fed a diet co-contaminated by mycotoxin and their effects on the regulation of adenosine},
	volume = {114},
	journal = {Microbial pathogenesis},
	author = {Souza, Carine F and Da Silva, Aleksandro S and Müller, Lucieli KF and Baldissera, Matheus D and Bottari, Nathieli B and Schetinger, Maria Rosa C and Santurio, Janio M and Gloria, Eduardo M and {\textbf{Machado, Gustavo}} and Zanette, Régis A},
	year = {2018},
	pages = {328--332},
}

@article{topazio_influencia_2015,
	title = {Influencia del parasitismo gastrointestinal en las variables bioquímicas en la sangre de las gallinas ponedoras},
	volume = {20},
	journal = {Revista MVZ Cordoba},
	author = {Topázio, Josué P and Campigotto, Gabriela and Boiago, Marcel M and {\textbf{Machado, Gustavo}} and Paiano, Diovani and Tonin, Alexandre A and da Silva, Aleksandro S},
	year = {2015},
	pages = {4864--4873},
}

@article{casagrande_pathological_2017,
	title = {Pathological and bacteriological characterization on broilers totally condemned due to colibacillosis under the control of the {Federal} {Inspection} {Service}},
	volume = {37},
	number = {9},
	journal = {Pesquisa Veterinária Brasileira},
	author = {Casagrande, Renata A and {\textbf{Machado, Gustavo}} and Guerra, Priscila R and Castro, Luiza A and Spanamberg, Andreia and Silva, Sergio C and de Itapema Cardoso, Marisa R and Driemeier, David},
	year = {2017},
	pages = {949--957},
}

@article{topazio_soroprevalencia_2014,
	title = {Soroprevalência e fatores de risco para {Neospora} caninum em caprinos no estado {Santa} {Catarina}, {Brasil}},
	volume = {23},
	number = {3},
	journal = {Revista Brasileira de Parasitologia Veterinária},
	author = {Topazio, Josué Pires and Weber, Augusto and Camillo, Giovana and Vogel, Fernanda Flores and {\textbf{Machado, Gustavo}} and Ribeiro, André and Moura, Anderson Barbosa and Lopes, Leandro Sâmia and Tonin, Alexandre Alberto and Soldá, Natan Marcos},
	year = {2014},
	pages = {360--366},
}

@article{gressler_prevalence_2018,
	title = {Prevalence of {Rhodococcus} equi from the nasal cavity of 1010 apparently healthy horses},
	volume = {50},
	doi = {10.1111/evj.12804},
	number = {5},
	journal = {Equine veterinary journal},
	author = {Gressler, LT and {\textbf{Machado, Gustavo}} and da Silveira, BP and Cohen, ND and Corbellini, LG and Leotti, VB and Diehl, GN and Dos Santos, LC and de Vargas, AC},
	year = {2018},
	pages = {667--671},
}

@article{machado_identifying_2018,
	title = {Identifying individual animal factors associated with {Mycobacterium} avium subsp. paratuberculosis ({MAP}) milk {ELISA} positivity in dairy cattle in the {Midwest} region of the {United} {States}},
	volume = {14},
	doi = {10.1186/s12917-018-1354-y},
	number = {1},
	journal = {BMC veterinary research},
	author = {{\textbf{Machado, Gustavo}} and Kanankege, Kaushi and Schumann, Val and Wells, Scott and Perez, Andres and Alvarez, Julio},
	year = {2018},
	pages = {1--8},
}

@article{albani_benefits_2017,
	title = {Benefits of a {Prepartum} {Anionic} {Diet} on the {Health} of {Dairy} {Cows} in the {Transition} {Period}: {Prevented} {Subclinical} {Hypocalcemia} and {Minimizing} {Oxidative} {Stress}},
	volume = {45},
	journal = {Acta Scientiae Veterinariae},
	author = {Albani, Kassio Duan and Da Silva, Aleksandro Schafer and {\textbf{Machado, Gustavo}} and Bottari, Nathieli Bottari and Alves, Mariana Sauzen and Campigotto, Gabriela and Fritzen, Alexandro and Schetinger, Maria Rosa Chitolina and Morsch, Vera Maria and Zaboot, Roberto},
	year = {2017},
	pages = {1--10},
}

@article{tomasi_metaphylactic_2018,
	title = {Metaphylactic effect of minerals on the immune response, biochemical variables and antioxidant status of newborn calves},
	volume = {102},
	number = {4},
	journal = {Journal of animal physiology and animal nutrition},
	author = {Tomasi, T and Volpato, A and Pereira, WAB and Debastiani, LH and Bottari, NB and Morsch, VM and Schetinger, MRC and Leal, MLR and {\textbf{Machado, Gustavo}} and Da Silva, AS},
	year = {2018},
	pages = {819--824},
}

@article{biazus_diphenyl_2019,
	title = {Diphenyl diselenide subcutaneous supplementation of dairy sheep: effects on oxidant and antioxidant status, inflammatory response and milk composition},
	volume = {59},
	number = {3},
	journal = {Animal Production Science},
	author = {Biazus, Angelisa H and Cazarotto, Chrystian J and {\textbf{Machado, Gustavo}} and Bottari, Nathieli B and Alves, Mariana S and Morsch, Vera M and Schetinger, Maria RC and Leal, Marta LR and Fernandes, Natieli F and Moresco, Rafael N},
	year = {2019},
	pages = {461--470},
}

@article{schneider_environmental_2018,
	title = {Environmental and socioeconomic drivers in infectious disease},
	volume = {2},
	number = {4},
        doi = {10.1016/S2542-5196(18)30069-X},
	journal = {The Lancet Planetary Health},
	author = {Schneider,M. and {\textbf{Machado, Gustavo}}},
	year = {2018},
	pages = {e198--e199},
}

@article{favero_physiological_2018,
	title = {Physiological changes in the adenosine deaminase activity, antioxidant and inflammatory parameters in pregnant cows and at post‐partum},
	volume = {102},
	number = {4},
	journal = {Journal of animal physiology and animal nutrition},
	author = {Fávero, Juscivete Fátima and Da Silva, Aleksandro S and Bottari, Nathieli B and Schetinger, Maria Rosa C and Morsch, Vera Maria M and Baldissera, Matheus D and Stefani, Lenita M and {\textbf{Machado, Gustavo}}},
	year = {2018},
	pages = {910--916},
}

@article{baldissera_creatine_2018,
	title = {Creatine kinase and {ATPase} activities in piglets fed a fungal mycotoxin co-contaminated diet: {Consequences} in the pathogenesis of subclinical intoxication},
	volume = {122},
	journal = {Microbial pathogenesis},
	author = {Baldissera, Matheus D and Müller, Lucieli KF and Souza, Carine F and Santurio, Janio M and Gloria, Eduardo M and {\textbf{Machado, Gustavo}} and Boiago, Marcel M and Paiano, Diovani and da Silva, Aleksandro S},
	year = {2018},
	pages = {13--18},
}

@article{machado_potential_2018,
	title = {Potential distribution of {Pythium} insidiosum in {Rio} {Grande} do {Sul}, {Brazil}, and projections to neighbour countries},
	volume = {65},
	doi = {10.1111/tbed.12925},
	number = {6},
	journal = {Transboundary and emerging diseases},
	author = {{\textbf{Machado, Gustavo}} and Weiblen, Carla and Escobar, Luis E},
	year = {2018},
	pages = {1671--1679},
}

@article{silva_frequency_2013,
	title = {Frequency of {Toxoplasma} gondii antibodies in tufted capuchin monkeys ({Cebus} apella nigritus) from an ecological station in the {State} of {São} {Paulo}, {Brazil}},
	volume = {33},
	number = {2},
	journal = {Pesquisa Veterinária Brasileira},
	author = {Silva, Rodrigo Costa da and {\textbf{Machado, Gustavo}} Puglia and Cruvinel, Tatiane Morosini de Andrade and Cruvinel, Ciro Alexandre and Langoni, Helio},
	year = {2013},
	pages = {251--253},
}

@article{langoni_cytological_2012,
	title = {Cytological and microbiological aspects of milk on goat's subclinical mastitis/{Aspectos} microbiologicos e citologicos do leite na mastite caprina subclinica/{Aspectos} microbiologicos y citologicos de la leche en mastitis caprina subclinica},
	volume = {19},
	number = {1},
	journal = {Veterinaria e Zootecnia},
	author = {Langoni, Helio and Citadella, Juliana Cristina Cardoso and {\textbf{Machado, Gustavo}} Puglia and Faccioli, Patricia Yoshida and Lucheis, Simone Baldini and da Silva, Aristeu Vieira},
	year = {2012},
	pages = {115--123},
}

@article{herrmann_curva_2011,
	title = {Curva de anticorpos pós-vacinais em ovinos imunizados com uma ou duas doses de bacterina oleosa anti-leptospirose, produzida com a sorovariedade {Hardjo}, tipo {Hardjoprajitno}, estirpe {Norma}, isolada no {Brasil}},
	volume = {31},
	journal = {Pesquisa Veterinária Brasileira},
	author = {Herrmann, Geder Paulo and Rodrigues, Rogério Oliveira and Vidal, Carlos Eugênio Soto and {\textbf{Machado, Gustavo}} and Moreira, Élvio Carlos and Leite, Rômulo Cerqueira},
	year = {2011},
	pages = {683--689},
}

@article{casagrande_caracterizacao_2017,
	title = {Caracterização anatomopatológica e bacteriológica em frangos de corte condenados totalmente por colibacilose sob {Serviço} de {Inspeção} {Federal}},
	volume = {37},
	journal = {Pesquisa Veterinária Brasileira},
	author = {Casagrande, Renata A and {\textbf{Machado, Gustavo}} and Guerra, Priscila R and Castro, Luiza A and Spanamberg, Andréia and Silva, Sérgio C and Cardoso, Marisa R and Driemeier, David},
	year = {2017},
	pages = {949--957},
}

@article{cazarotto_metaphylactic_2018,
	title = {Metaphylactic effect of minerals on immunological and antioxidant responses, weight gain and minimization of coccidiosis of newborn lambs},
	volume = {121},
	journal = {Research in veterinary science},
	author = {Cazarotto, Chrystian J and Boito, Jhonatan P and Gebert, Roger R and Reis, João H and {\textbf{Machado, Gustavo}} and Bottari, Nathieli B and Morsch, Vera M and Schetinger, Maria RC and Doleski, Pedro H and Leal, Marta LR},
	year = {2018},
	pages = {46--52},
}

@article{baquero_spatiotemporal_2018,
	title = {Spatiotemporal dynamics and risk factors for human {Leptospirosis} in {Brazil}},
	volume = {8},
	doi = {10.1038/s41598-018-33381-3},
	number = {1},
	journal = {Scientific reports},
	author = {Baquero, Oswaldo Santos and {\textbf{Machado, Gustavo}}},
	year = {2018},
	pages = {1--14},
}

@article{pascoeti_parasitos_2016,
	title = {Los parasitos en las granjas de ganado lechero en el sur de {Brasil}},
	volume = {21},
	number = {2},
	journal = {Revista MVZ (Medicina Veterinaria y Zootecnia)},
	author = {Pascoeti, Roger and Soldá, Natan Marcos and Sczesny, Tais Regina and {\textbf{Machado, Gustavo}} and Reginato, Caroline Zamperete and Camillo, Giovana and Vogel, Fernanda Flores and Simioni, Flávio José and Lopes, Leandro Samia and Fávero, Juscivete Fatima},
	year = {2016},
	pages = {5304--5316},
}

@article{cardenas_burkholderia_2019,
	title = {Burkholderia mallei: {The} dynamics of networks and disease transmission},
	volume = {66},
	doi = {10.1111/tbed.13071},
	number = {2},
	journal = {Transboundary and emerging diseases},
	author = {Cárdenas, Nicolás C and Galvis, Jason OA and Farinati, Alicia A and Grisi‐Filho, José HH and Diehl, Gustavo N and {\textbf{Machado, Gustavo}}},
	year = {2019},
	pages = {715--728},
}

@article{bianchi_addition_2018,
	title = {Addition of palm oil in diet of dairy ewes reduces saturates fatty acid and increases unsaturated fatty acids in {Milk}},
	volume = {46},
	number = {1},
	journal = {Acta Scientiae Veterinariae},
	author = {Bianchi, Anderson Elias and Zortea, Talyta and Cazzarotto, Chrystian Jassana and {\textbf{Machado, Gustavo}} and Pellegrini, Luis Gustavo and dos Santos Richards, Neila Silvia Pereira and Baldissera, Matheus Dellaméa and da Silva, Aleksandro Schafer and Galvão, Alessandro Cazonatto and de Paula Macedo, Vicente},
	year = {2018},
	pages = {10},
}

@article{biezus_prevalence_2019,
	title = {Prevalence of and factors associated with feline leukemia virus ({FeLV}) and feline immunodeficiency virus ({FIV}) in cats of the state of {Santa} {Catarina}, {Brazil}},
	volume = {63},
	doi = {10.1016/j.cimid.2018.12.004},
	journal = {Comparative immunology, microbiology and infectious diseases},
	author = {Biezus, Giovana and {\textbf{Machado, Gustavo}} and Ferian, Paulo Eduardo and da Costa, Ubirajara Maciel and da Silva Pereira, Leonardo Henrique Hasckel and Withoeft, Jéssica Aline and Nunes, Igor Augusto Coelho and Muller, Thiago Rinaldi and de Cristo, Thierry Grima and Casagrande, Renata Assis},
	year = {2019},
	pages = {17--21},
}

@article{cazarotto_nutraceutical_2019,
	title = {Nutraceutical effect of trace elements as additional injectable doses to modulate oxidant and antioxidant status, and improves the quality of lamb meat},
	volume = {191},
	number = {1},
	journal = {Biological trace element research},
	author = {Cazarotto, Chrystian J and Boito, Jhonatan P and Glombowsky, Patrícia and Baggio, Rafael A and Galli, Gabriela M and {\textbf{Machado, Gustavo}} and Bottari, Nathieli B and Leal, Marta LR and Kessler, Julcemar D and Baldissera, Matheus D},
	year = {2019},
	pages = {115--125},
}

@article{boaz_integration_2019,
	title = {Integration of animal health and public health surveillance sources to exhaustively inform the risk of zoonosis: {An} application to visceral leishmaniasis data in {Brazil}},
	volume = {29},
	doi = {10.1016/j.sste.2018.09.001},
	journal = {Spatial and spatio-temporal epidemiology},
	author = {Boaz, R and Corberán-Vallet, A and Lawson, A and de Ferreira Lima Jr, FE and Donato, L Edel and Alves, R Vieira and {\textbf{Machado, Gustavo}} and Freire de Carvalho, M and Pompei, Julio and Vilas, VJ Del Rio},
	year = {2019},
	pages = {177--185},
}

@article{machado_revisiting_2019,
	title = {Revisiting area risk classification of visceral leishmaniasis in {Brazil}},
	volume = {19},
	doi = {10.1186/s12879-018-3564-0},
	number = {1},
	journal = {BMC infectious diseases},
	author = {{\textbf{Machado, Gustavo}} and Alvarez, Julio and Bakka, Haakon Christopher and Perez, Andres and Donato, Lucas Edel and Júnior, Francisco Edilson de Ferreira Lima and Alves, Renato Vieira and Vilas, Victor Javier Del Rio},
	year = {2019},
	pages = {1--9},
}

@article{machado_identifying_2019,
	title = {Identifying outbreaks of {Porcine} {Epidemic} {Diarrhea} virus through animal movements and spatial neighborhoods},
	volume = {9},
	doi = {10.1038/s41598-018-36934-8},
	number = {1},
	journal = {Scientific reports},
	author = {{\textbf{Machado, Gustavo}} and Vilalta, Carles and Recamonde-Mendoza, Mariana and Corzo, Cesar and Torremorell, Montserrat and Perez, Andrez and VanderWaal, Kimberly},
	year = {2019},
	pages = {1--12},
}

@article{machado_mapping_2019,
	title = {Mapping changes in the spatiotemporal distribution of lumpy skin disease virus},
	volume = {66},
	doi = {10.1111/tbed.13253},
	number = {5},
	journal = {Transboundary and emerging diseases},
	author = {{\textbf{Machado, Gustavo}} and Korennoy, Fedor and Alvarez, Julio and Picasso‐Risso, Catalina and Perez, Andres and VanderWaal, Kimberly},
	year = {2019},
	pages = {2045--2057},
}

@article{lunkes_anticorpos_2016,
	title = {Anticorpos contra o vírus da estomatite vesicular em equinos de {Estados} das regiões sul, centro-oeste e nordeste do {Brasil}},
	volume = {46},
	number = {8},
	journal = {Ciência Rural},
	author = {Lunkes, Vinícius Leobet and Tonin, Alexandre Alberto and {\textbf{Machado, Gustavo}} and Corbellini, Luis Gustavo and Diehl, Gustavo Nogueira and Santos, Lucila Carboneiro dos and Bezerra, Camila de Sousa and Azevedo, Sérgio Santos de and Pequeno, Nebson Fernandes and Silva, Adriana Moraes da},
	year = {2016},
	pages = {1424--1429},
}


@article{ebling_prevalence_2019,
	title = {Prevalence and distribution of feet lesions in dairy cows raised in the freestall},
	volume = {40},
	number = {1},
	journal = {Semina: Ciências Agrárias},
	author = {Ebling, Rafael Costa and Krummenauer, Amanda and {\textbf{Machado, Gustavo}} and Zeni, Diego and Carazzo, Luis Paulo and do Rêgo Leal, Marta Lizandra},
	year = {2019},
	pages = {239--248},
}

@article{migliorini_oregano_2019,
	title = {Oregano essential oil ({Origanum} vulgare) to feed laying hens and its effects on animal health},
	volume = {91},
	journal = {Anais da Academia Brasileira de Ciências},
	author = {Migliorini, Marcos J and Boiago, Marcel M and Roza, Lenilson F and Barreta, Mauricio and Arno, Alessandra and Robazza, Weber S and Galvao, Alessandro C and Galli, Gabriela M and {\textbf{Machado, Gustavo}} and Baldissera, Matheus D},
	year = {2019},
}

@article{polo_one_2019,
	title = {A {One} {Health} {Approach} to {Investigating} {Leptospira} {Serogroups} and {Their} {Spatial} {Distributions} among {Humans} and {Animals} in {Rio} {Grande} do {Sul}, {Brazil}, 2013–2015},
	volume = {4},
	number = {1},
        doi = {10.3390/tropicalmed4010042},
	journal = {Tropical medicine and infectious disease},
	author = {Polo, Noemi and {\textbf{Machado, Gustavo}} and Rodrigues, Rogerio and Nájera Hamrick, Patricia and Munoz-Zanzi, Claudia and Pereira, Martha Maria and Bercini, Marilina and Timm, Loeci Natalina and Schneider, Maria Cristina},
	year = {2019},
	pages = {42},
}

@article{jara_spatial_2019,
	title = {Spatial distribution and spread potential of sixteen {Leptospira} serovars in a subtropical region of {Brazil}},
	volume = {66},
	doi = {10.1111/tbed.13306},
	number = {6},
	journal = {Transboundary and emerging diseases},
	author = {Jara, Manuel and Escobar, Luis E and Rodriges, Rogério O and Frias‐De‐Diego, Alba and Sanhueza, Juan and {\textbf{Machado, Gustavo}}},
	year = {2019},
	pages = {2482--2495},
}

@article{hein_notifications_2013,
	title = {Notifications of swine diseases received by the {Rio} {Grande} do {Sul} {Official} {Veterinary} {Service} in years 2011-2012.},
	volume = {33},
	number = {194},
	journal = {A Hora Veterinária},
	author = {Hein, HE and Costa, EF and {\textbf{Machado, Gustavo}} and Martinez, BAF and Medeiros, AAR and Vargas, IN},
	year = {2013},
	pages = {22--2},
}

@article{pereira_correlation_2013,
	title = {Correlation between age and staging of chronic kidney disease in azotemic cats by {IRIS}.},
	volume = {7},
	number = {Suppl. 1},
	journal = {Acta Veterinaria Brasilica},
	author = {Pereira, C de O and Coelho, EM and da Costa, FVA and Valle, S de F and da Rocha, KS and {\textbf{Machado, Gustavo}} and Corbellini, LG},
	year = {2013},
	pages = {319--320},
}

@article{espindola_molecular_2019,
	title = {Molecular serotyping of clinical strains of {Haemophilus} ({Glaesserella}) parasuis brings new insights regarding {Glässer}’s disease outbreaks in {Brazil}},
	volume = {7},
	doi = {10.7717/peerj.6817},
	journal = {PeerJ},
	author = {Espíndola, Julia Pires and Balbinott, Natalia and Gressler, Letícia Trevisan and {\textbf{Machado, Gustavo}} and Klein, Catia Silene and Rebelatto, Raquel and Martín, César Bernardo Gutiérrez and Kreutz, Luiz Carlos and Schryvers, Anthony Bernard and Frandoloso, Rafael},
	year = {2019},
	pages = {e6817},
}

@article{perez_individual_2019,
	title = {Individual or common good? {Voluntary} data sharing to inform disease surveillance systems in food animals},
	volume = {6},
	doi = {10.3389/fvets.2019.00194},
	journal = {Frontiers in veterinary science},
	author = {Perez, Andres M and Linhares, Daniel CL and Arruda, Andreia G and VanderWaal, Kimberly and {\textbf{Machado, Gustavo}} and Vilalta, Carles and Sanhueza, Juan M and Torrison, Jerry and Torremorell, Montserrat and Corzo, Cesar A},
	year = {2019},
	pages = {194},
}

@article{boggs_single_2019,
	title = {Single fragment or bulk soil {DNA} metabarcoding: which is better for characterizing biological taxa found in surface soils for sample separation?},
	volume = {10},
	number = {6},
        doi = {10.3390/genes10060431},
	journal = {Genes},
	author = {Boggs, Laura M and Scheible, Melissa KR and {\textbf{Machado, Gustavo}} and Meiklejohn, Kelly A},
	year = {2019},
	pages = {431},
}

@article{silva_prevalence_2013,
	title = {Prevalence of {Oestrus} ovis ({Diptera}: {Oestridae}) in sheep from the {Sao} {Paulo} central region, {Brazil}},
	volume = {22},
	journal = {Revista Brasileira de Parasitologia Veterinária},
	author = {Silva, Bruna Fernanda da and {\textbf{Machado, Gustavo}} Puglia and Izidoro, Thiago Braga and Amarante, Alessandro Francisco Talamini do},
	year = {2013},
	pages = {18--21},
}

@article{appelt_cholinesterase_2019,
	title = {Cholinesterase as an inflammatory marker of subclinical infection of dairy cows infected by {Neospora} caninum and risk factors for disease},
	volume = {66},
	journal = {Comparative immunology, microbiology and infectious diseases},
	author = {Appelt, Marciana Anita and da Silva, Aleksandro Schafer and Cazarotto, Chrystian Jassana and {\textbf{Machado, Gustavo}} and Rodrigues, Rafael Sachet and Norbury, Luke James and Baldissera, Matheus D and Alba, Davi F and Gris, Anderson and Mendes, Ricardo Evandro},
	year = {2019},
	pages = {101330},
}

@article{maciel_investigation_2019,
	title = {Investigation of resistance of {Salmonella} spp. isolated from products and raw material of animal origin (swine and poultry) to antibiotics and disinfectants},
	volume = {20},
	doi = {10.1590/s1519-9940200162019},
	journal = {Revista Brasileira de Saúde e Produção Animal},
	author = {Maciel, Mônica Jachetti and {\textbf{Machado, Gustavo}} and Avancini, Cesar Augusto Marchionatti},
	year = {2019},
}

@article{silva_machine-learning_2019,
	title = {Machine-learning algorithms to identify key biosecurity practices and factors associated with breeding herds reporting {PRRS} outbreak},
	volume = {171},
	doi = {10.1016/j.prevetmed.2019.104749},
	journal = {Preventive veterinary medicine},
	author = {Silva, Gustavo S and {\textbf{Machado, Gustavo}} and Baker, Kimberlee L and Holtkamp, Derald J and Linhares, Daniel CL},
	year = {2019},
	pages = {104749},
}

@article{groff_reacao_2010,
	title = {Reação em cadeia da polimerase para o diagnóstico de campilobacteriose genital bovina},
	volume = {30},
	number = {12},
	journal = {Pesquisa Veterinária Brasileira},
	author = {Groff, Ana and Kirinus, Jackeline K and Silva, Mariana Sá and {\textbf{Machado, Gustavo}} and Costa, Mateus M and Vargas, Agueda PC},
	year = {2010},
	pages = {1031--1035},
}

@article{fountainjones_how_2019,
	title = {How to make more from exposure data? {An} integrated machine learning pipeline to predict pathogen exposure},
	volume = {88},
	doi = {10.1111/1365-2656.13076},
	number = {10},
	journal = {Journal of Animal Ecology},
	author = {Fountain‐Jones, Nicholas M and {\textbf{Machado, Gustavo}} and Carver, Scott and Packer, Craig and Recamonde‐Mendoza, Mariana and Craft, Meggan E},
	year = {2019},
	pages = {1447--1461},
}

@article{paz_fatores_2017,
	title = {Fatores relacionados a problemas de comportamento em gatos},
	volume = {37},
	doi = {10.1590/s0100-736x2017001100023},
	journal = {Pesquisa Veterinária Brasileira},
	author = {Paz, Juliane EG and {\textbf{Machado, Gustavo}} and Costa, Fernanda V},
	year = {2017},
	pages = {1336--1340},
}

@article{salomao_cury_veloso_pneumocystis_2014,
	title = {Pneumocystis spp. and {Histoplasma} capsulatum in bats lungs in {Southern} and {Midwestern} regions of {Brazil}},
	journal = {Acta Sci. vet.},
	author = {Salomão Cury Veloso, Silvana and Ferreiro, Laerte and Missel Pacheco, Susi and Renato Pinheiro da Silva, Roberto and de Conceição Souza, Eunice and {\textbf{Machado, Gustavo}} and Wissmann, Gustavo and Spanamberg, Andréia and Maria Cavallini Sanches, Edna},
	year = {2014},
	pages = {1--7},
}

@article{pires_topazio_seroprevalence_2014,
	title = {Seroprevalence and risk factors for {Neospora} caninum in goats in {Santa} {Catarina} state, {Brazil}},
	journal = {R. bras. Parasitol. Vet.},
	author = {Pires Topazio, Josué and Weber, Augusto and Camillo, Giovana and Flores Vogel, Fernanda and {\textbf{Machado, Gustavo}} and Ribeiro, André and Barbosa Moura, Anderson and Sâmia Lopes, Leandro and Alberto Tonin, Alexandre and Marcos Soldá, Natan},
	year = {2014},
}

@article{escobar_ecology_2020,
	title = {The ecology of chronic wasting disease in wildlife},
	volume = {95},
	doi = {10.1111/brv.12568},
	number = {2},
	journal = {Biological Reviews},
	author = {Escobar, Luis E and Pritzkow, Sandra and Winter, Steven N and Grear, Daniel A and Kirchgessner, Megan S and Dominguez‐Villegas, Ernesto and {\textbf{Machado, Gustavo}} and Townsend Peterson, A and Soto, Claudio},
	year = {2020},
	pages = {393--408},
}

@article{kanankege_use_2019,
	title = {Use of a voluntary testing program to study the spatial epidemiology of {Johne}’s disease affecting dairy herds in {Minnesota}: a cross sectional study},
	volume = {15},
	doi = {10.1186/s12917-019-2155-7},
	number = {1},
	journal = {BMC veterinary research},
	author = {Kanankege, KST and {\textbf{Machado, Gustavo}} and Zhang, L and Dokkebakken, B and Schumann, V and Wells, SJ and Perez, AM and Alvarez, J},
	year = {2019},
	pages = {1--11},
}

@article{machado_deteccao_2018,
	title = {Detecção de {Staphylococcus} aureus, {Streptococcus} agalactiae e {Escherichia} coli em leite caprino mastítico no {Brasil}, por multiplex-{PCR}},
	volume = {38},
	number = {7},
	journal = {Pesquisa Veterinária Brasileira},
	author = {{\textbf{Machado, Gustavo}} P and Silva, Rodrigo C and Guimarães, Felipe F and Salina, Anelise and Langoni, Hélio},
	year = {2018},
	pages = {1358--1364},
}

@article{spanamberg_pesquisa_2013,
	title = {Pesquisa de {Aspergillus} fumigatus em carcaças de frango de corte normais e condenadas por aerossaculite},
	volume = {33},
	number = {9},
	journal = {Pesquisa Veterinária Brasileira},
	author = {Spanamberg, Andréia and {\textbf{Machado, Gustavo}} and Casagrande, Renata Assis and Sales, Gabriela Miller and Fraga, Cibele Floriano and Corbellini, Luís Gustavo and Driemeier, David and Ferreiro, Laerte},
	year = {2013},
	pages = {1071--1075},
}

@article{spanamberg_identificacao_2016,
	title = {Identificação e caracterização de {Aspergillus} fumigatus isolados de frangos de corte},
	volume = {36},
	journal = {Pesquisa Veterinária Brasileira},
	author = {Spanamberg, Andréia and Ferreiro, Laerte and {\textbf{Machado, Gustavo}} and Fraga, Cibele Floriano and Araujo, Ricardo},
	year = {2016},
	pages = {591--594},
}

@article{krasteva_nairobi_2020,
	title = {Nairobi {Sheep} {Disease} {Virus}: a historical and epidemiological perspective},
	volume = {7},
	number = {419},
        doi = {10.3389/fvets.2020.00419},
	journal = {Front Vet Sci},
	author = {Krasteva, Stephanie and Jara, Manuel and Frias-De, Alba Frias-De-Diego and {\textbf{Machado, Gustavo}}},
	year = {2020},
}

@article{paulo_herrmann_seroprevalence_2012,
	title = {Seroprevalence of leptospirosis in cattle in the southeast and southwest regions of the state of {Rio} {Grande} do {Sul}, {Brazil}},
	journal = {Ci. Anim. bras.},
	author = {Paulo Herrmann, Geder and Oliveira Rodrigues, Rogério and {\textbf{Machado, Gustavo}} and Carlos Moreira, Elvio and Lage, Andrey and Cerqueira Leite, Rômulo},
	year = {2012},
	pages = {131--138},
}

@article{servadio_information_2020,
	title = {Information differences across spatial resolutions and scales for disease surveillance and analysis: {The} case of {Visceral} {Leishmaniasis} in {Brazil}},
	volume = {15},
	doi = {10.1371/journal.pone.0235920},
	number = {7},
	journal = {PloS one},
	author = {Servadio, Joseph L and {\textbf{Machado, Gustavo}} and Alvarez, Julio and de Ferreira Lima Júnior, Francisco Edilson and Vieira Alves, Renato and Convertino, Matteo},
	year = {2020},
	pages = {e0235920},
}

@article{lorenzett_occurrence_2016,
	title = {Occurrence of anti-{Neospora} caninum antibodies in dairy cattle in the western of {Santa} {Catarina}, {Brazil}.},
	volume = {38},
	number = {3},
	journal = {Revista Brasileira de Medicina Veterinária},
	author = {Lorenzett, MP and Lucca, NJ and Henker, LC and {\textbf{Machado, Gustavo}} and Gomes, DC and Mendes, RE and Driemeier, D and Casagrande, RA},
	year = {2016},
	pages = {243--249},
}

@article{galvis_betweenfarm_2021,
	title = {The between‐farm transmission dynamics of porcine epidemic diarrhoea virus: {A} short‐term forecast modelling comparison and the effectiveness of control strategies},
	doi = {10.1111/tbed.13997},
	journal = {Transboundary and Emerging Diseases},
	author = {Galvis, Jason A and Jones, Chris M and Prada, Joaquin M and Corzo, Cesar A and {\textbf{Machado, Gustavo}}},
	year = {2021},
}

@article{jara_potential_2021,
	title = {The {Potential} {Distribution} of {Pythium} insidiosum in the {Chincoteague} {National} {Wildlife} {Refuge}, {Virginia}},
	volume = {8},
	doi = {10.3389/fvets.2021.640339},
	journal = {Frontiers in veterinary science},
	author = {Jara, Manuel and Holcomb, Kevin and Wang, Xuechun and Goss, Erica M and {\textbf{Machado, Gustavo}}},
	year = {2021},
	pages = {114},
}

@article{https://doi.org/10.1111/tbed.14007,
author = {Galvis, Jason A. and Corzo, Cesar A. and Prada, Joaquin M. and {\textbf{Machado, Gustavo}}},
title = {Modelling the transmission and vaccination strategy for porcine reproductive and respiratory syndrome virus},
journal = {Transboundary and Emerging Diseases},
doi = {https://doi.org/10.1111/tbed.14007},
	year = {2021},
}

@article{jara_development_2021,
	title = {Development of a dissemination platform for spatiotemporal and phylogenetic analysis of avian infectious bronchitis virus},
	volume = {8},
	doi = {10.3389/fvets.2021.624233},
	journal = {Frontiers in veterinary science},
	author = {Jara, Manuel and Crespo, Rocio and Roberts, David and Chapman, Ashlyn and Banda, Alejandro and {\textbf{Machado, Gustavo}}},
	year = {2021},
	pages = {259},
}

@article{machado_impact_2021,
	title = {Impact of changes of horse movement regulations on the risks of equine infectious anemia: {A} risk assessment approach},
	volume = {190},
	doi = {10.1016/j.prevetmed.2021.105319},
	journal = {Preventive Veterinary Medicine},
	author = {{\textbf{Machado, Gustavo}} and Corbellini, Luis Gustavo and Frias-De-Diego, Alba and Dieh, Gustavo Nogueira and Dos Santos, Diego Viali and Jara, Manuel and de Freitas Costa, Eduardo},
	year = {2021},
	pages = {105319},
}

@article{fountainjones_mriml_2021,
	title = {{MrIML}: {Multi}‐response interpretable machine learning to model genomic landscapes},
	doi = {10.1111/1755-0998.13495},
	journal = {Molecular Ecology Resources},
	author = {Fountain‐Jones, Nicholas M and Kozakiewicz, Christopher P and Forester, Brenna R and Landguth, Erin L and Carver, Scott and Charleston, Michael and Gagne, Roderick B and Greenwell, Brandon and Kraberger, Simona and Trumbo, Daryl R and {\textbf{Machado, Gustavo}}},
	year = {2021},
}

@article{jara_porcine_2021,
	title = {Porcine reproductive and respiratory syndrome virus dissemination across pig production systems in the {United} {States}},
	volume = {68},
	doi = {10.1111/tbed.13728},
	number = {2},
	journal = {Transboundary and Emerging Diseases},
	author = {Jara, Manuel and Rasmussen, David A and Corzo, Cesar A and {\textbf{Machado, Gustavo}}},
	year = {2021},
	pages = {667--683},
}

@article{machado_quantifying_2020,
	title = {Quantifying the dynamics of pig movements improves targeted disease surveillance and control plans},
	issn = {1865-1674},
    doi = {10.1111/tbed.13841},
	journal = {Transboundary and Emerging Diseases},
	author = {{\textbf{Machado, Gustavo}} and Galvis, Jason Ardila and Lopes, Francisco Paulo Nunes and Voges, Joana and Medeiros, Antônio Augusto Rosa and Cárdenas, Nicolas Cespedes},
	year = {2020},
}

@article{https://doi.org/10.1111/tbed.14334,
    author = {{\textbf{Machado, Gustavo}} and Farthing, Trevor S. and Andraud, Mathieu and Lopes, Francisco Paulo Nunes and Lanzas, Cristina},
    title = {Modelling the role of mortality-based response triggers on the effectiveness of African swine fever control strategies},
    journal = {Transboundary and Emerging Diseases},
    doi = {10.1111/tbed.14334},
    year = {2021},
}

@article{Sykes,
      author = {Sykes, Abagael L. and Silva, Gustavo S. and Holtkamp, Derald J. and Mauch, Broc W. and Osemeke, Onyekachukwu and Linhares, Daniel C.L. and {\textbf{Machado, Gustavo}}},
     title = {Interpretable machine learning applied to on-farm biosecurity and porcine reproductive and respiratory syndrome virus},
    journal = {Transboundary and Emerging Diseases},
    doi = {10.1111/tbed.14369},
    year = {2021},
}

@article{pathogens10121539,
    author = {Ellington, Cameron and Hebron, Claude and Crespo, Rocio and {\textbf{Machado, Gustavo}}},
    title = {Unraveling the Contact Network Patterns between Commercial Turkey Operation in North Carolina and the Distribution of Salmonella Species},
    journal = {Pathogens},
    doi = {10.3390/pathogens10121539},
    year = {2021},
}



